%----------------------Kriging-------------------------

@article{matheron1963principles,
  title={Principles of geostatistics},
  author={Matheron, Georges},
  journal={Economic geology},
  volume={58},
  number={8},
  pages={1246--1266},
  year={1963},
  publisher={Society of Economic Geologists}
}

@book{wackernagel2003multivariate,
  title={Multivariate geostatistics: an introduction with applications},
  author={Wackernagel, Hans},
  year={2003},
  publisher={Springer Science \& Business Media}
}

@book{gaetan2010spatial,
  title={Spatial statistics and modeling},
  author={Gaetan, Carlo and Guyon, Xavier and others},
  volume={90},
  year={2010},
  publisher={Springer}
}

@article{krige1951statistical,
  title={A statistical approach to some basic mine valuation problems on the Witwatersrand},
  author={Krige, Daniel G},
  journal={Journal of the Southern African Institute of Mining and Metallurgy},
  volume={52},
  number={6},
  pages={119--139},
  year={1951},
  publisher={Southern African Institute of Mining and Metallurgy}
}

@book{cressie1993statistics,
  title={Statistics for spatial data},
  author={Cressie, Noel},
  year={1993},
  publisher={John Wiley \& Sons}
}

@book{stein2012interpolation,
  title={Interpolation of spatial data: some theory for kriging},
  author={Stein, Michael L},
  year={2012},
  publisher={Springer Science \& Business Media}
}

@book{williams2006gaussian,
  title={Gaussian processes for machine learning},
  author={Williams, Christopher KI and Rasmussen, Carl Edward},
  volume={2},
  number={3},
  year={2006},
  publisher={MIT press Cambridge, MA}
}

% --------------- Bayesian Optimization Applications

@inproceedings{korovina2020chembo,
  title={Chembo: Bayesian optimization of small organic molecules with synthesizable recommendations},
  author={Korovina, Ksenia and Xu, Sailun and Kandasamy, Kirthevasan and Neiswanger, Willie and Poczos, Barnabas and Schneider, Jeff and Xing, Eric},
  booktitle={International Conference on Artificial Intelligence and Statistics},
  pages={3393--3403},
  year={2020},
  organization={PMLR}
}

@article{wu2019hyperparameter,
  title={Hyperparameter optimization for machine learning models based on Bayesian optimization},
  author={Wu, Jia and Chen, Xiu-Yun and Zhang, Hao and Xiong, Li-Dong and Lei, Hang and Deng, Si-Hao},
  journal={Journal of Electronic Science and Technology},
  volume={17},
  number={1},
  pages={26--40},
  year={2019},
  publisher={Elsevier}
}

@article{sakata2003structural,
  title={Structural optimization using Kriging approximation},
  author={Sakata, S. and Ashida, F. and Zako, M.},
  journal={Computer methods in applied mechanics and engineering},
  volume={192},
  number={7-8},
  pages={923--939},
  year={2003},
  publisher={Elsevier}
}

% ----------------- Random Fields


@article {potthoff2009sample,
    AUTHOR = {Potthoff, J\"{u}rgen},
     TITLE = {Sample properties of random fields. {II}. {C}ontinuity},
   JOURNAL = {Commun. Stoch. Anal.},
  FJOURNAL = {Communications on Stochastic Analysis},
    VOLUME = {3},
      YEAR = {2009},
    NUMBER = {3},
     PAGES = {331--348},
      ISSN = {2688-6669},
   MRCLASS = {60G60 (60G17)},
  MRNUMBER = {2604006},
MRREVIEWER = {Randall\ James\ Swift},
       DOI = {10.31390/cosa.3.3.02},
}

@article{porcu2023mat,
  title={The Mat{\'e}rn Model: A Journey through Statistics, Numerical Analysis and Machine Learning},
  author={Porcu, Emilio and Bevilacqua, Moreno and Schaback, Robert and Oates, Chris J},
  journal={arXiv preprint arXiv:2303.02759},
  year={2023}
}

@book{adler2007random,
  title={Random fields and geometry},
  author={Adler, Robert J and Taylor, Jonathan E},
  year={2007},
  publisher={Springer Science \& Business Media}
}

@article{xiao2010uniform,
  title={Uniform modulus of continuity of random fields},
  author={Xiao, Yimin},
  journal={Monatshefte f{\"u}r Mathematik},
  volume={159},
  number={1-2},
  pages={163--184},
  year={2010},
  publisher={Springer}
}

% ----------------- Stochastics 

@book{bremaud2020probability,
  title={Probability theory and stochastic processes},
  author={Br{\'e}maud, Pierre},
  year={2020},
  publisher={Springer},
}

@book{tao2011introduction,
  title={An introduction to measure theory},
  author={Tao, Terence},
  volume={126},
  year={2011},
  publisher={American Mathematical Soc.}
}

@book{wainwright2019high,
  title={High-dimensional statistics: A non-asymptotic viewpoint},
  author={Wainwright, Martin J},
  volume={48},
  year={2019},
  publisher={Cambridge university press}
}

@book{vershynin2020high,
  title={High-dimensional probability},
  author={Vershynin, Roman},
  journal={University of California, Irvine},
  year={2020}
}

@book{talagrand2022upper,
  title={Upper and lower bounds for stochastic processes: decomposition theorems},
  author={Talagrand, Michel},
  volume={60},
  year={2022},
  publisher={Springer Nature}
}

@book{bovier2022stochastic,
  title={Stochastic Processes},
  author={Bovier, Anton},
  publisher={Lecture notes, Universit√§t Bonn},
  year={2022}
}

@article{bochner1933monotone,
  title={Monotone funktionen, stieltjessche integrale und harmonische analyse},
  author={Bochner, Salomon},
  journal={Mathematische Annalen},
  volume={108},
  number={1},
  pages={378--410},
  year={1933},
  publisher={Springer}
}

@article{chen2020remarks,
  title={Remarks on multivariate Gaussian process},
  author={Chen, Zexun and Fan, Jun and Wang, Kuo},
  journal={arXiv preprint arXiv:2010.09830},
  year={2020}
}

% ----------------- Bayesian Optimization

@article{jones1998efficient,
  title={Efficient global optimization of expensive black-box functions},
  author={Jones, Donald R and Schonlau, Matthias and Welch, William J},
  journal={Journal of Global optimization},
  volume={13},
  pages={455--492},
  year={1998},
  publisher={Springer}
}

@article{frazier2018tutorial,
  title={A tutorial on Bayesian optimization},
  author={Frazier, Peter I},
  journal={arXiv preprint arXiv:1807.02811},
  year={2018}
}

@article{shahriari2015taking,
  title={Taking the human out of the loop: A review of Bayesian optimization},
  author={Shahriari, Bobak and Swersky, Kevin and Wang, Ziyu and Adams, Ryan P and De Freitas, Nando},
  journal={Proceedings of the IEEE},
  volume={104},
  number={1},
  pages={148--175},
  year={2015},
  publisher={IEEE}
}

@article{bull2011convergence,
  title={Convergence rates of efficient global optimization algorithms.},
  author={Bull, Adam D},
  journal={Journal of Machine Learning Research},
  volume={12},
  number={10},
  year={2011}
}

@article{zhan2020expected,
  title={Expected improvement for expensive optimization: a review},
  author={Zhan, Dawei and Xing, Huanlai},
  journal={Journal of Global Optimization},
  volume={78},
  number={3},
  pages={507--544},
  year={2020},
  publisher={Springer}
}

@article{auer2002using,
  title={Using confidence bounds for exploitation-exploration trade-offs},
  author={Auer, Peter},
  journal={Journal of Machine Learning Research},
  volume={3},
  number={Nov},
  pages={397--422},
  year={2002}
}

@article{srinivas2009gaussian,
  title={Gaussian process optimization in the bandit setting: No regret and experimental design},
  author={Srinivas, Niranjan and Krause, Andreas and Kakade, Sham M and Seeger, Matthias},
  journal={arXiv preprint arXiv:0912.3995},
  year={2009}
}

@article{de2012exponential,
  title={Exponential regret bounds for Gaussian process bandits with deterministic observations},
  author={De Freitas, Nando and Smola, Alex and Zoghi, Masrour},
  journal={arXiv preprint arXiv:1206.6457},
  year={2012}
}

@article{munos2011optimistic,
  title={Optimistic optimization of a deterministic function without the knowledge of its smoothness},
  author={Munos, R{\'e}mi},
  journal={Advances in neural information processing systems},
  volume={24},
  year={2011}
}

@inproceedings{wang2014bayesian,
  title={Bayesian multi-scale optimistic optimization},
  author={Wang, Ziyu and Shakibi, Babak and Jin, Lin and Freitas, Nando},
  booktitle={Artificial Intelligence and Statistics},
  pages={1005--1014},
  year={2014},
  organization={PMLR}
}

@article{contal2015optimization,
  title={Optimization for gaussian processes via chaining},
  author={Contal, Emile and Malherbe, C{\'e}dric and Vayatis, Nicolas},
  journal={arXiv preprint arXiv:1510.05576},
  year={2015}
}

@book{zhigljavsky2021bayesian,
  title={Bayesian and high-dimensional global optimization},
  author={Zhigljavsky, Anatoly and {\v{Z}}ilinskas, Antanas},
  year={2021},
  publisher={Springer}
}

@article{frazier2009knowledge,
  title={The knowledge-gradient policy for correlated normal beliefs},
  author={Frazier, Peter and Powell, Warren and Dayanik, Savas},
  journal={INFORMS journal on Computing},
  volume={21},
  number={4},
  pages={599--613},
  year={2009},
  publisher={INFORMS}
}

@article{kushner1962versatile,
  title={A versatile stochastic model of a function of unknown and time varying form},
  author={Kushner, Harold J},
  journal={Journal of Mathematical Analysis and Applications},
  volume={5},
  number={1},
  pages={150--167},
  year={1962},
  publisher={Elsevier}
}

@article{vzilinskas1972bayes,
  title={On a Bayes method for seeking an extremum},
  author={{\v{Z}}ilinskas, A and Mockus, J},
  journal={Automatika i vychislitelnaja tekhnika},
  number={3},
  year={1972}
}

@article{lizotte2008practical,
  title={Practical bayesian optimization},
  author={Lizotte, Daniel James},
  year={2008}
}

@article{wu2019hyperparameter,
  title={Hyperparameter optimization for machine learning models based on Bayesian optimization},
  author={Wu, Jia and Chen, Xiu-Yun and Zhang, Hao and Xiong, Li-Dong and Lei, Hang and Deng, Si-Hao},
  journal={Journal of Electronic Science and Technology},
  volume={17},
  number={1},
  pages={26--40},
  year={2019},
  publisher={Elsevier}
}

@article{ma2022using,
  title={Using Bayesian optimization to automate the calibration of complex hydrological models: Framework and application},
  author={Ma, Jinfeng and Zhang, Jing and Li, Ruonan and Zheng, Hua and Li, Weifeng},
  journal={Environmental Modelling \& Software},
  volume={147},
  pages={105235},
  year={2022},
  publisher={Elsevier}
}

@article{griffiths2020constrained,
  title={Constrained Bayesian optimization for automatic chemical design using variational autoencoders},
  author={Griffiths, Ryan-Rhys and Hern{\'a}ndez-Lobato, Jos{\'e} Miguel},
  journal={Chemical science},
  volume={11},
  number={2},
  pages={577--586},
  year={2020},
  publisher={Royal Society of Chemistry}
}

% ---------------- Branch and Bound

@article{lawler1966branch,
  title={Branch-and-bound methods: A survey},
  author={Lawler, Eugene L and Wood, David E},
  journal={Operations research},
  volume={14},
  number={4},
  pages={699--719},
  year={1966},
  publisher={INFORMS}
}

% --------------- Chaining

@article{talagrand1994sharper,
  title={Sharper bounds for Gaussian and empirical processes},
  author={Talagrand, Michel},
  journal={The Annals of Probability},
  pages={28--76},
  year={1994},
  publisher={JSTOR}
}

@article{ernst2020integrability,
  title={Integrability and Approximability of Solutions to the Stationary Diffusion Equation with L{\'e}vy Coefficient},
  author={Ernst, Oliver G and Gottschalk, Hanno and Kalmes, Thomas and Kowalewitz, Toni and Reese, Marco},
  journal={arXiv preprint arXiv:2010.14912},
  year={2020}
}

% --------------- Concentration
@book{gine2021mathematical,
  title={Mathematical foundations of infinite-dimensional statistical models},
  author={Gin{\'e}, Evarist and Nickl, Richard},
  year={2021},
  publisher={Cambridge university press}
}

@book{massart2007concentration,
  title={Concentration inequalities and model selection: Ecole d'Et{\'e} de Probabilit{\'e}s de Saint-Flour XXXIII-2003},
  author={Massart, Pascal},
  year={2007},
  publisher={Springer}
}

% --------------- Figures

@online{bayesopt-figures,
    author = {Fernando Nogueira},
    title = {{Bayesian Optimization}: Open source constrained global optimization tool for {Python}},
    year = {2014},
    url = " https://github.com/fmfn/BayesianOptimization"
}

@online{durrande2021gps,
    author = {Nicolas Durrande},
    title = {GPs and Kernel Design},
    titleaddon = {Gaussian Process Summer School},
    year = {2021},
    url = " https://gpss.cc/gpss21/slides/Durrande2021.pdf"
}

@book{garnett2023bayesian,
  title={Bayesian optimization},
  author={Garnett, Roman},
  year={2023},
  publisher={Cambridge University Press}
}

@article{scikit-learn,
 title={Scikit-learn: Machine Learning in {P}ython},
 author={Pedregosa, F. and Varoquaux, G. and Gramfort, A. and Michel, V.
         and Thirion, B. and Grisel, O. and Blondel, M. and Prettenhofer, P.
         and Weiss, R. and Dubourg, V. and Vanderplas, J. and Passos, A. and
         Cournapeau, D. and Brucher, M. and Perrot, M. and Duchesnay, E.},
 journal={Journal of Machine Learning Research},
 volume={12},
 pages={2825--2830},
 year={2011}
}

@online{cadiou2022fyeld,
  author       = {Cadiou, Corentin},
  title        = {FyeldGenerator},
  year         = {2022},
  version      = {v0.1.7},
  url          = {https://github.com/cphyc/FyeldGenerator}
}

% --------------- Other

@book{vitali1905sul,
  title={Sul problema della misura dei Gruppi di punti di una retta: Nota},
  author={Vitali, Giuseppe},
  year={1905},
  publisher={Tip. Gamberini e Parmeggiani}
}

@article{fornacon2022understanding,
  title={Understanding the differences between Bayesian and frequentist statistics},
  author={Fornacon-Wood, Isabella and Mistry, Hitesh and Johnson-Hart, Corinne and Faivre-Finn, Corinne and O'Connor, James PB and Price, Gareth J},
  journal={International journal of radiation oncology, biology, physics},
  volume={112},
  number={5},
  pages={1076--1082},
  year={2022},
  publisher={Elsevier}
}

@book{abramowitz1968handbook,
  title={Handbook of mathematical functions with formulas, graphs, and mathematical tables},
  author={Abramowitz, Milton and Stegun, Irene A},
  volume={55},
  year={1968},
  publisher={US Government printing office}
}

@article{gallier2019schur,
  title={The schur complement and symmetric positive semidefinite (and definite) matrice},
  author={Gallier, Jean H},
  year={2019}
}

@software{soch2024statproofbook,
  author       = {Joram Soch and
                  Maja and
                  Pietro Monticone and
                  Thomas J. Faulkenberry and
                  Alex Kipnis and
                  Kenneth Petrykowski and
                  Carsten Allefeld and
                  Heiner Atze and
                  Adam Knapp and
                  Ciar√°n D. McInerney and
                  Lo4ding00 and
                  amvosk},
  title        = {{StatProofBook/StatProofBook.github.io: 
                   StatProofBook 2023}},
  month        = jan,
  year         = 2024,
  version      = 2023,
  doi          = {10.5281/zenodo.10495684},
  url          = {https://doi.org/10.5281/zenodo.10495684}
}

@article{lu2002inverses,
  title={Inverses of 2$\times$ 2 block matrices},
  author={Lu, Tzon-Tzer and Shiou, Sheng-Hua},
  journal={Computers \& Mathematics with Applications},
  volume={43},
  number={1-2},
  pages={119--129},
  year={2002},
  publisher={Elsevier}
}

@book{bishop2006pattern,
  title={Pattern recognition and machine learning},
  author={Bishop, C},
  year={2006},
  publisher={Springer}
}